Book Mehmed posed in the channel
@book{antonopoulos2017mastering,
  title={Mastering Bitcoin: Programming the open blockchain},
  author={Antonopoulos, Andreas M},
  year={2017},
  publisher={" O'Reilly Media, Inc."}
}

